@inproceedings{Basaran_ECRTS12,
author = {C. Basaran and K-D. Kang},
title = {{Supporting Preemptive Task Executions and Memory Copies in GPGPUs}},
booktitle = {Proc. of the Euromicro Conference on Real-Time Systems},
pages = {287--296},
year = {2012}
}

@inproceedings{Bhatotia_FAST12,
author = {P. Bhatotia and R. Rodrigues and A. Verma},
title = {{Shredder: GPU-accelerated incremental storage and computation}},
booktitle = {Proc. of the USENIX Conference on File and Storage Technologies},
year = {2012}
}

@article{Boozer_PP99,
author = {A.H. Boozer},
title = {{Perturbed plasma equilibria}},
journal = {Physics of Plasma},
volume = {6},
year = {1999}
}

@inproceedings{Elliott10,
author = {G. Elliott and J. Anderson},
title = {{Real-Time Multiprocessor Systems with GPUs}},
booktitle = {Proc. of the International Confrence on Real-Time and Network Systems},
year = {2010}
}

@inproceedings{Gharaibeh_HPDC10,
author = {A. Gharaibeh and S. Al-Kiswany and S. Gopalakrishan and M. Ripeanu},
title = {{A GPU-accelerated storage system}},
booktitle = {Proc. of the ACM International Symposium on High Performance Distributed Computing},
pages = {167--178},
year = {2010}
}

@inproceedings{Han_SIGCOMM10,
author = {S. Hand and K. Jang and K. Park and S. Moon},
title = {{PacketShader: a GPU-accelerated software router}},
booktitle = {Proc. of ACM SIGCOMM},
year = {2010}
}

@inproceedings{Hirabayashi_REACTION12,
author = {M. Hirabayashi and S. Kato and M. Edahiro and Y. Sugiyama},
title = {{Toward GPU-accelerated traffic simulation and its real-time challenge}},
booktitle = {Proc. of the International Workshop on Real-Time and Distributed Computing in Emerging Applications},
year = {2012}
} 

@inproceedings{Jang_NSDI11,
author = {K. Jang and S. Han and S. Han and S. Moon and K. Park},
title = {{SSLShader: cheap SSL acceleration with commodity processors}},
booktitle = {Proc. of the USENIX Conference on Networked Systems Design and Implementation},
year = {2011}
}

@inproceedings{Kato_ATC11,
author = {S. Kato and K. Lakshmanan and R. Rajkumar and Y. Ishikawa},
title = {{TimeGraph: GPU Scheduling for Real-Time Multi-Tasking Environments}},
booktitle = {Proc. of the USENIX Annual Technical Conference},
year = {2011}
}

@inproceedings{Kato_ATC12,
author = {S. Kato and M. McThrow and C. Maltzahn and S. Brandt},
title = {{Gdev: First-Class GPU Resource Management in the Operating System}},
booktitle = {Proc. of the USENIX Annual Technical Conference},
year = {2012},
}

@inproceedings{Kato_ICCPS13,
author = {S. Kato and J. Aumiller and S. Brandt},
title = {{Zero-Copy I/O Processing for Low-Latency GPU Computing}},
booktitle = {Proc. of the IEEE/ACM International Conference on Cyber-Physical Systems},
year = {2013 (to appear)},
}

@inproceedings{Kato_RTAS11,
author = {S. Kato and K. Lakshmanan and Y. Ishikawa and R. Rajkumar},
title = {{Resource Sharing in GPU-accelerated Windowing Systems}},
booktitle = {Proc. of the IEEE Real-Time and Embedded Technology and Aplications Symposium},
pages = {191--200},
year = {2011}
}

@inproceedings{Kato_RTSS11,
author = {S. Kato and K. Lakshmanan and A. Kumar and M. Kelkar and Y. Ishikawa and R. Rajkumar},
title = {{RGEM: A Responsive GPGPU Execution Model for Runtime Engines}},
booktitle = {Proc. of the IEEE Real-Time Systems Symposium},
pages = {57--66},
year = {2011}
}

@inproceedings{Kim_RTSS12,
author = {J. Kim and G. Bhatia and and R. Rajkumar},
title = {{SAFER: System-Level Architecture for Failure Evasion in Real-Time Applications}},
booktitle = {Proc. of the IEEE Real-Time Systems Symposium},
year = {2012}
}

@inproceedings{Liu_PACT12,
author = {C. Liu and J. Li and W. Huang and J. Rubio and E. Speight and X. Lin},
title = {{Power-Efficient Time-Sensitive Mapping in Heterogeneous Systems}},
booktitle = {Proc. of the International Conference on Parallel Architectures and Compilation Techniques},
year = {2012}
} 

@inproceedings{Mangharam11,
author = {R. Mangharam and A. Saba},
title = {{Anytime Algorithms for GPU Architectures}},
booktitle = {Proc. of the IEEE Real-Time Systems Symposium},
pages = {47--56},
year = {2011}
}

@article{Maurer_PPCF11,
author = {D.A. Maurer and J. Bialek and P.J. Byrne and B. De Bono and J.P. Levesque and B.Q. Li, et al.},
title = {{The high beta tokamak-extended pulse magnetohydrodynamic mode control research program}},
journal = {Plasma Physics and Controlled Fusion},
volume = {53},
year = {2011}
}

@inproceedings{McNaughton_ICRA11,
author = {M. McNaughton and C. Urmson and J. Dolan and J-W. Lee},
title = {{Motion Planning for Autonomous Driving with a Conformal Spatiotemporal Lattice}},
booktitle = {Proc. of the IEE International Conference on Robotics and Automation},
pages = {4889--4895},
year = {2011}
}

@inproceedings{Michel_IROS07,
author = {P. Michel and J. Chestnutt and S. Kagami and K. Nishiwaki and J. Kuffner and T. Kanade},
title = {{GPU-accelerated Real-Time 3D Tracking for Humanoid Locomotion and Stair Climbing}},
booktitle = {Proc. of the IEEE/RSJ International Conference on Intelligent Robots and Systems},
pages = {463--469},
year = {2007}
}

@article{Rath_FED12,
author = {N. Rath and J. Bialek and P.J. Byrne and B. DeBono and J.P. Levesque and B. Li and M.E. Mauel and D.A. Maurer and G.A. Navratil and D. Shiraki},
title = {{High-speed, multi-input, multi-output control using GPU processing in the HBT-EP tokamak}},
journal = {Fusion Engineering and Design},
year = {2012}
}

@inproceedings{Rossbach_SOSP11,
author = {C. Rossbach and J. Currey and M. Silberstein and B. Ray and E. Witchel},
title = {{PTask: Operating system abstractions to manage GPUs as compute devices}},
booktitle = {Proc. of the ACM Symposium on Operating Systems Principles},
year = {2011}
}

@inproceedings{Sun_SYSTOR12,
author = {W. Sun and R. Ricci and M. Curry},
title = {{GPUstore: harnessing GPU computing for storage systems in the OS kernel}},
booktitle = {Proc. of Annual International Systems and Storage Conference},
year = {2012}
}

@misc{NVIDIA_Fermi,
author = {NVIDIA},
title = {{NVIDIA's next generation CUDA computer architecture: Fermi}},
howpublished = {\url{http://www.nvidia.com/content/PDF/fermi_white_papers/NVIDIA_Fermi_Compute_Architecture_Whitepaper.pdf}},
year = {2009}
}

@misc{NVIDIA_Kepler,
author = {NVIDIA},
title = {{NVIDIA's next generation CUDA computer architecture: Kepler GK110}},
howpublished = {\url{http://www.nvidia.com/content/PDF/kepler/NVIDIA-Kepler-GK110-Architecture-Whitepaper.pdf}},
year = {2012}
}

@misc{NVIDIA_CUDA,
author = {NVIDIA},
title = {{CUDA Documents}},
howpublished = {\url{http://docs.nvidia.com/cuda/}},
year = {2013}
}

@misc{NVIDIA_NVCC,
author = {NVIDIA},
title = {{CUDA TOOLKIT 4.2}},
howpublished = {\url{http://developer.nvidia.com/cuda/cuda-downloads}},
year = {2012}
}

@inproceedings{Al-Kiswany08,
author = {S. Al-Kiswany and A. Gharaibeh and E. Santos-Neto and G. Yuan and M. Ripeanu},
title = {{StoreGPU: Exploiting Graphics Processing Units to Accelerate Distributed Storage Systems}},
booktitle = {Proc. of the ACM International Symposium on High Performance Distributed Computing},
pages = {165--174},
year = {2008}
}

@inproceedings{Bautin08,
author = {M. Bautin and A. Dwarakinath and T. Chiueh},
title = {{Graphics Engine Resource Management}},
booktitle = {Proc. of the Annual Multimedia Computing and Networking Conference},
year = {2008}
}

@misc{BLOB,
author = {NVIDIA},
title = {{Linux X64 (AMD64/EM64T) Display Driver}},
howpublished = {\url{http://www.nvidia.com/}}
}

@inproceedings{Chen10,
author = {L. Chen and O. Villa and S. Krishnamoorthy and G. Gao},
title = {{Dynamic Load Balancing on Single- and Multi-GPU Systems}},
booktitle = {Proc. of the IEEE International Parallel and Distributed Processing Symposium},
year = {2010}
}

@article{Cho02,
author = {H. Cho and B. Ravindran and E.D. Jensen}, 
title = {{Efficient Real-Time Scheduling Algorithms for Multiprocessor Systems}},
journal = {IEICE Transactions on Communications},
volume = {85},
pages = {807-â€“813},
year = {2002}
}

@misc{CUDATOOLKIT,
author = {NVIDIA},
title = {{NVIDIA CUDA Toolkit Version}},
howpublished = {\url{http://developer.nvidia.com/cuda-toolkit-32-downloads}},
}

@misc{ENZO,
author = {PathScale},
title = {{ENZO}},
howpublished = {\url{http://www.pathscale.com/}},
}

@article{Dowty09,
author = {M. Dowty and J. Sugeman},
title = {{GPU Virtualization on VMware's Hosted I/O Architecture}},
journal = {ACM SIGOPS Operating Systems Review},
volume = {43},
number = {3},
pages = {73--82},
year = {2009}
}

@inproceedings{Elliott_ECRTS12,
author = {G. Elliott and J. Anderson},
title = {{Robust Real-Time Multiprocessor Interrupt Handling Motivated by GPUs}}, 
booktitle = {Proc. of the Euromicro Conference on Real-Time Systems},
pages = {267--276},
year = {2012}
}

@article{Elliott_RTS12,
author = {G. Elliott and J. Anderson},
title = {{Globally Scheduled Real-Time Multiprocessor Systems with GPUs}},
journal = {Real-Time Systems},
volume = {48},
number = {1},
pages = {34--74},
year = {2012}
}

@inproceedings{Gharaibeh10,
author = {A. Gharaibeh and S. Al-Kiswany and S. Gopalakrishnan and M. Ripeanu},
title = {{A GPU Accelerated Storage System}},
booktitle = {Proc. of the ACM International Symposium on High Performance Distributed Computing},
pages = {167--178},
year = {2010}
}

@inproceedings{Govindan91,
author = {R. Govindan and D. Anderson},
title = {{Scheduling and IPC Mechanisms for Continuous Media}},
booktitle = {Proc. of the ACM Symposium on Operating Systems Principles},
pages = {68--80},
year = {1991}
}

@inproceedings{Guevara09,
author = {M. Guevara and C. Gregg and K. Hazelwood and K. Skadron},
title = {{Enabling Task Parallelism in the CUDA Scheduler}},
booktitle = {Proc. of the Workshop on Programming Models for Emerging Architectures},
pages = {69--76},
year = {2009}
}

@inproceedings{Gupta09,
author = {V. Gupta and A. Gavrilovska and N. Tolia and V. Talwar},
title = {{GViM: GPU-accelerated Virtual Machines}},
booktitle = {Proc. of the ACM Workshop on System-level Virtualization for High Performance Computing},
pages = {17--24},
year = {2009}
}

@inproceedings{Gupta11,
author = {V. Gupta and K. Schwan and N. Tolia and V. Talwar and P. Ranganathan},
title = {{Pegasus: Coordinated Scheduling for Virtualized Accelerator-based Systems}},
booktitle = {Proc. of the USENIX Annual Technical Conference},
year = {2011}
}

@inproceedings{Jablin_PLDI11,
author = {T. Jablin and P. Prabhu and J. Jablin and N. Johnson and S. Beard and D. August},
title = {{Automatic CPU-GPU communication management and optimization}},
booktitle = {Proc. of the ACM Conference on Programming Language Design and Implementation},
year = {2011}
}

@inproceedings{Kato_RTCSA08,
author = {S. Kato and N. Yamasaki},
title = {{Global EDF-based Scheduling with Efficient Priority Promotion}},
booktitle = {Proc. of the IEEE Embedded and Real-Time Computing Systems and Applications},
pages = {197--206},
year = {2008}
}

@article{Kato_RTSJ11,
author = {S. Kato and Y. Ishikawa and R. Rajkumar},
title = {{CPU Scheduling and Memory Management for Interactive Real-Time Applications}},
journal = {Real-Time Systems},
year = {2011}
}

@inproceedings{Kato_RTSS09,
author = {S. Kato and Y. Ishikawa},
title = {{Gang EDF Scheduling of Parallel Task Systems}},
booktitle = {Proc. of the IEEE Real-Time Systems Symposium},
pages = {459--468},
year = {2009}
}

@inproceedings{Kim10,
author = {C. Kim and J. Chhugani and N. Satish and E. Sedlar and A.D. Nguyen and T. Kaldewey and V.W. Lee and S.A. Brandt and P. Dubey},
title = {{FAST: Fast Architecture Sensitive Tree Search on Modern CPUs and GPUs}},
booktitle = {Proc. of the 2010 ACM SIGMOD/PODS Conference},
year = {2010}
}

@inproceedings{Lagar-Cavilla07,
author = {H.A. Lagar-Cavilla and N. Tolia and M. Satyanarayanan and E. de Lara},
title = {{VMM-Independent Graphics Acceleration}},
booktitle = {Proc. of the ACM/Usenix International Conference on Virtual Execution Environments},
pages = {33--43},
year = {2007}
}

@inproceedings{Lakshmanan_RTSS10,
author = {K. Lakshmanan and S. Kato and R. Rajkumar},
title = {{Scheduling Parallel Real-Time Tasks on Multi-core Processors}},
booktitle = {Proc. of the IEEE Real-Time Systems Symposium},
pages = {259--268},
year = {2010}
}

@article{Li89,
author = {K. Li and P. Hudak},
title = {{Memory coherence in shared virtual memory systems}},
journal = {ACM Transactions on Computer Systems},
volume = {7},
number = {4},
pages = {321--359},
year = {1989}
}

@article{Liu73,
author = {L. Liu and J.W. Layland},
title = {{Scheduling Algorithms for Multiprogramming in a Hard Real-Time Environment}},
journal = {Journal of the ACM},
volume = {20},
pages = {46-â€“61}, 
year = {1973}
}

@misc{GPUDirect,
author = {Mellanox},
title = {{NVIDIA GPUDirect Technology-- Accelerating GPU-based Systems}},
year = {2010}
}

@misc{Mesa3D,
author = {Mesa3D},
howpublished = "\url{http://www.mesa3d.org/}",
}

@inproceedings{Michel07,
author = {P. Michel and J. Chestnutt and S. Kagami and K. Nishiwaki and J. Kuffner and T. Kanade},
title = {{GPU-accelerated Real-Time 3D Tracking for Humanoid Locomotion and Stair Climbing}},
booktitle = {Proc. of the IEEE/RSJ International Conference on Intelligent Robots and Systems},
pages = {463--469},
year = {2007}
}

@inproceedings{Nightingale09,
author = {E.B. Nightingale and O. Hodson and R. Mcllory and C. Hawblitzel and G. Hunt},
title = {{Helios: Heterogeneous Multiprocessing with Satellite Kernels}},
booktitle = {Proc. of the ACM Symposium on Operating Systems Principles},
year = {2009}
}

@misc{Nouveau,
author = {Linux Open-Source Community},
title = {{Nouveau Open-Source GPU Device Driver}},
howpublished = {\url{http://nouveau.freedesktop.org/}}
}

@misc{NouveauCompanion44,
author = {Linux Open-Source Community},
title = {{Nouveau Companion 44}},
howpublished = {\url{http://nouveau.freedesktop.org/}}
}

@inproceedings{Oikawa_RTAS95,
author = {S. Oikawa and H. Tokuda},
title = {{Efficient Timing Management for User-Level Real-Time Threads}},
booktitle = {Proc. of the IEEE Real-Time and Embedded Technology and Aplications Symposium},
pages = {27--32},
year = {1995}
}

@inproceedings{Ousterhout82,
author = {J.K. Ousterhout},
title = {{Scheduling Techniques for Concurrent Systems}},
booktitle = {Proc. of the IEEE International Conference on Distributed Computing Systems}, 
pages = {22-â€“30},
year = {1982}
}

@misc{PhoronixReport,
author = {Phoronix},
title = {{NVIDIA Developer Talks Openly About Linux Support}},
howpublished = {\url{http://www.phoronix.com/scan.php?page=article&item=nvidia_qa_linux&num=2}},
}

@inproceedings{Pronovost06,
author = {S. Pronovost and H. Moreton and T. Kelley},
title = {{Windows Display Driver Model (WDDM v2) And Beyond}},
booktitle = {Windows Hardware Engineering Conference},
year = {2006}
}

@misc{PSCNV,
author = {PathScale},
title = {{PSCNV GPU Device Driver}},
howpublished = {\url{https://github.com/pathscale/pscnv/}}
}

@inproceedings{Rajkumar_RTAS97,
author = {R. Rajkumar and M. Gagliardi and L. Sha},
title = {{The Real-Time Publisher/Subscriber Inter-Process Communication Model for Distributed Real-Time Systems: Design and Implementation}},
booktitle = {Proc. of the IEEE Real-Time and Embedded Technology and Aplications Symposium},
pages = {66--75},
year = {2011}
}

@inproceedings{Saba10,
author = {A. Saba and R. Mangharam},
title = {{Anytime Algorithms for GPU Architectures}},
booktitle = {Proc. of the Analytic Virtual Integration of Cyber-Physical Systems Workshop},
year = {2010}
}

@misc{SandyBridge,
author = {Intel},
title = {{Intel Microarchitecture Codename Sandy Bridge}},
howpublished = {\url{http://www.intel.com/}},
}

@inproceedings{Schaa09,
author = {D. Schaa and D. Kaeli},
title = {{Exploring the Multiple-GPU Design Space}},
booktitle = {Proc. of the IEEE International Parallel and Distributed Processing Symposium},
year = {2009}
}

@inproceedings{Shimokawabe10,
author = {T. Shimokawabe and T. Aoki and C. Muroi and J. Ishida and K. Kawano and T> Endo and A. Nukada and N. Maruyama and S. Matsuoka},
title = {{An 80-Fold Speedup, 15.0 TFlops, Full GPU Acceleration of Non-Hydrostatic Weather Model ASUCA Production Code}},
booktitle = {Proc. of the ACM/IEEE International Conference on High Performance Computing, Networking, Storage and Analysis},
year = {2010}
}

@inproceedings{Yang_OSDI08,
author = {T. Yang and T. Liu and E.D. Berger and S.F. Kaplan and J.E-B. Moss},
title = {{Redline: First Class Support for Interactivity in Commodity Operating Systems}},
booktitle = {Proc. of the USENIX Symposium on Operating Systems Design and Implementation},
pages = {73--86},
year = {2008}
}

@misc{Thrun10,
author = {S. Thrun},
title = {{GTC Closing Keynote}},
booktitle = {GPU Technology Conference},
howpublished = {\url{http://livesmooth.istreamplanet.com/nvidia100923/}},
year = {2010}
}

@misc{TOP500,
author = {{Top500~Supercomputing~Sites}},
howpublished = {\url{http://www.top500.org/}}
}

@article{Urmson08,
author = {C. Urmson and J. Anhalt and H. Bae and D. Bagnell and C. Baker and R. Bittner and T. Brown and M. Clark and M. Darms and D. Demitrish and J. Dolan and D. Duggins and D. Ferguson and T. Galatali and C. Geyer and M. Gittleman and S. Harbaugh and M. Hebert and T. Howard and S. Kolski and M. Likhachev and B. Litkouhi and A. Kelly and M. McNaughton and N. Miller and J. Nickolaou and K. Peterson and B. Pilnick and R. Rajkumar and P. Rybski and V. Sadekar and B. Salesky and Y-W. Seo and S. Singh and J. Snider and J. Struble and A. Stentz and M. Taylor and W. Whittaker and Z. Wolkowicki and W. Zhang and J. Ziglar},
title = {{Autonomous Driving in Urban Environments: Boss and the Urban Challenge}},
journal = {{Journal of Field Robotics}},
volume = {25},
number = {8},
pages = {425--466},
year = {2008}
}

@misc{Tegra3,
    author = {NVIDIA},
    title = {{Tegra 2 and Tegra 3 super chip processors}},
    howpublished = {\url{http://www.nvidia.com/object/tegra-superchip.html} seen on March 7th, 2012},
}

@misc{NVIDIA_BMW,
    author = {NVIDIA Press},
    title = {{NVIDIA GPUs to Be the Infotainment Centerpiece Across BMW's Next-Generation of Cars}},
    howpublished = {\url{http://pressroom.nvidia.com/easyir/customrel.do?easyirid=A0D622CE9F579F09&version=live&prid=704317&releasejsp=release_157&xhtml=true} seen on March 7th, 2012},
}

@INPROCEEDINGS{McNaughton11, 
    author={McNaughton, M. and Urmson, C. and Dolan, J.M. and Jin-Woo Lee}, 
    booktitle={Robotics and Automation (ICRA), 2011 IEEE International Conference on}, 
    title={Motion planning for autonomous driving with a conformal spatiotemporal lattice}, 
    year={2011}, 
    month={may}, 
    volume={}, 
    number={}, 
    pages={4889 -4895}, 
    keywords={GPU;autonomous highway driving;autonomous passenger vehicle;conformal spatiotemporal lattice;lane change;low-level trajectory planner;motion planning;planetary rover navigation;public roadway;search space representation;state lattice framework;structured environment;computer graphic equipment;coprocessors;mobile robots;path planning;planetary rovers;remotely operated vehicles;road vehicles;roads;search problems;spatiotemporal phenomena;}, 
    doi={10.1109/ICRA.2011.5980223}, 
    ISSN={1050-4729},
}

@article {Ferreira11,
    author = {Ferreira, J. and Lobo, J. and Dias, J.},
    affiliation = {ISR-University of Coimbra, 3030-290 Coimbra, Portugal},
    title = {Bayesian real-time perception algorithms on GPU},
    journal = {Journal of Real-Time Image Processing},
    publisher = {Springer Berlin / Heidelberg},
    issn = {1861-8200},
    keyword = {Computer Science},
    pages = {171-186},
    volume = {6},
    issue = {3},
    url = {http://dx.doi.org/10.1007/s11554-010-0156-7},
    note = {10.1007/s11554-010-0156-7},
    year = {2011},
}

@misc{Markoff10,
    author={J. Markoff},
    title={Google Cars Drive Themselves},
    booktitle={in Traffic, The New York Times},
    year={2010},
}

@misc{Kelly12,
    author={T. Kelly},
    title={BMW Self Driving Car: Carmaker shows off hands-free car on Autobhan},
    booktitle={The Huffington Post},
    year={2012},
}
